% Encoding: UTF-8

@Article{1Review,
  author    = {Shah, Tejas and V Patel, S},
  title     = {A Review of Requirement Engineering Issues and Challenges in Various Software Development Methods},
  journal   = {International Journal of Computer Applications},
  year      = {2014},
  volume    = {99},
  pages     = {36-45},
  month     = {08},
  booktitle = {International Journal of Computer Applications},
}

@Article{16NaPiRe,
  author    = {Daniel M{\'{e}}ndez Fern{\'{a}}ndez},
  title     = {Supporting Requirements-Engineering Research That Industry Needs: The NaPiRE Initiative},
  journal   = {{IEEE} Software},
  year      = {2018},
  volume    = {35},
  number    = {1},
  pages     = {112--116},
  bibsource = {dblp computer science bibliography, https://dblp.org},
  biburl    = {https://dblp.org/rec/bib/journals/software/Fernandez17},
  doi       = {10.1109/MS.2017.4541045},
  timestamp = {Thu, 25 Jan 2018 06:46:49 +0100},
  url       = {https://doi.org/10.1109/MS.2017.4541045},
}

@Book{2Pohl,
  title     = {Requirements Engineering: Fundamentals, Principles, and Techniques},
  publisher = {Springer Publishing Company, Incorporated},
  year      = {2010},
  author    = {Pohl, Klaus},
  edition   = {1st},
  isbn      = {3642125778, 9783642125775},
}

@Book{4Robertson,
  title     = {Mastering the Requirements Process: Getting Requirements Right},
  publisher = {Addison-Wesley Professional},
  year      = {2012},
  author    = {Robertson, Suzanne and Robertson, James},
  edition   = {3rd},
  isbn      = {0321815742, 9780321815743},
}

@Book{5Sommerville,
  title     = {Requirements Engineering: Processes and Techniques},
  publisher = {John Wiley \& Sons, Inc.},
  year      = {1998},
  author    = {Gerald Kotonya and Ian Sommerville},
  isbn      = {0471972088},
}

@InProceedings{6Lamsweerde,
  author    = {Van Lamsweerde, Axel},
  title     = {Goal-Oriented Requirements Engineering: A Guided Tour},
  booktitle = {Proceedings of the Fifth IEEE International Symposium on Requirements Engineering},
  year      = {2001},
  series    = {RE '01},
  pages     = {249--},
  address   = {Washington, DC, USA},
  publisher = {IEEE Computer Society},
  acmid     = {883624},
  url       = {http://dl.acm.org/citation.cfm?id=882477.883624},
}

@Misc{7DO-178C,
  title        = {DO-178C, Software Considerations in Airborne Systems and Equipment Certification},
  howpublished = {Special C. of RTCA},
  year         = {2011},
}

@Misc{8DO-331,
  title = {RTCA DO- 333: Formal Methods Supplement to DO-178C and DO- 278A},
  year  = {2011},
  note  = {Standard},
}

@Misc{9ISO29148,
  title = {ISO/IEC/IEEE 29148-2011 (2011). International Organization for Standardization (ISO) and International Electrotechnical Commission (IEC) and IEEE. ISO/IEC/IEEE 29148: Systems and software engineering – Life cycle processes – Requirements engineering.},
}

@phdthesis{3Eckhardt,
  author    = {Jonas Eckhardt},
  title     = {Categorizations of Product-related Requirements in Practice: Observations
               and Improvements},
  school    = {Technical University Munich, Germany},
  year      = {2017}
}

@inproceedings{15Goals,
  author    = {Alistair Mavin and
               Philip Wilkinson and
               Sabine Teufl and
               Henning Femmer and
               Jonas Eckhardt and
               Jakob Mund},
  title     = {Does Goal-Oriented Requirements Engineering Achieve Its Goal?},
  booktitle = {{RE}},
  pages     = {174--183},
  publisher = {{IEEE} Computer Society},
  year      = {2017}
}

@Misc{10Broy,
  author       = {Broy, M},
  title        = {Rethinking Nonfunctional Software Requirements: A Novel Approach Categorizing System and Software Requirements.},
  howpublished = {Hinchey, M., editor},
  year         = {2016},
  note         = {Software Technology: 10 Years of Innovation in IEEE Computer. John Wiley \& Sons/IEEE Press.},
}

@MastersThesis{11Mager,
  author = {Mager, P.},
  title  = {Towards a Profound Understanding of Non-Functional Requirements},
  school = {Technical University Munich,},
  year   = {2015},
}

@Misc{DOORS,
  title = {IBM Rational DOORS},
  url   = {http://www-03.ibm.com/software/products/en/ratidoor},
}

@Misc{12RQS,
  title = {Requirements Quality Suite},
  url   = {www.reusecompany.com/requirements-quality-suite},
}

@InProceedings{4citation,
  author    = {B. H. C. Cheng and J. M. Atlee},
  title     = {Research Directions in Requirements Engineering},
  booktitle = {Future of Software Engineering, 2007. FOSE '07},
  year      = {2007},
  pages     = {285-303},
  month     = {May},
  doi       = {10.1109/FOSE.2007.17},
  keywords  = {formal specification;analysis task;elicitation task;modeling task;requirements engineering;software needs;Buildings;Computer science;Conferences;Context modeling;Documentation;Model driven engineering;Software design;Software engineering;Software systems;USA Councils},
}

@InProceedings{13EARS,
  author    = {Mavin, Alistair and Wilkinson, Philip and Harwood, Adrian and Novak, Mark},
  title     = {Easy Approach to Requirements Syntax (EARS)},
  booktitle = {Proceedings of the 2009 17th IEEE International Requirements Engineering Conference, RE},
  year      = {2009},
  series    = {RE '09},
  pages     = {317--322},
  address   = {Washington, DC, USA},
  publisher = {IEEE Computer Society},
  acmid     = {1684881},
  doi       = {10.1109/RE.2009.9},
  isbn      = {978-0-7695-3761-0},
  keywords  = {Requirements, Syntax, Template},
  numpages  = {6},
  url       = {http://dx.doi.org/10.1109/RE.2009.9},
}

@Misc{14UML,
  author       = {Obeo},
  title        = {{UML} {D}esigner.{G}etting started},
  howpublished = {\url{http://www.umldesigner.org/tutorials/tuto-getting-started.htm}},
  year         = {2018},
}

@InProceedings{18MIRA,
  author    = {Teufl, Sabine and Mou, Dongyue and Ratiu, Daniel},
  title     = {{MIRA}: A Tooling-Framework to Experiment with Model-Based Requirements Engineering},
  booktitle = {Proc. 21\textsuperscript{st} Int. Conf. Requirements Engineering ({RE} '13)},
  year      = {2013},
  publisher = {IEEE},
  owner     = {teufl},
  timestamp = {2013.05.31},
}

@TechReport{17MiniDuide,
  author      = {Birgit Penzenstadler},
  title       = {Mini-Guideline to Requirements Engineering},
  institution = {Technical University Munich,},
  year        = {2012},
}

@InProceedings{AF,
  author    = {Vincent Aravantinos and Sebastian Voss and Sabine Teufl and Florian H{\"{o}}lzl and Bernhard Sch{\"{a}}tz},
  title     = {{AutoFOCUS}~3: Tooling Concepts for Seamless, Model-based Development of Embedded Systems},
  booktitle = {Proc. 8\textsuperscript{th} Int. {MODELS} Workshop Model-based Archit. Cyber-physical Embed. Syst. ({ACES-MB} '15)},
  year      = {2015},
  pages     = {19--26},
  bibsource = {dblp computer science bibliography, https://dblp.org},
  biburl    = {https://dblp.org/rec/bib/conf/models/AravantinosVTHS15},
  timestamp = {Mon, 30 May 2016 16:28:38 +0200},
  url       = {http://ceur-ws.org/Vol-1508/paper4.pdf},
}

@Comment{jabref-meta: databaseType:bibtex;}
