% Encoding: UTF-8

@Book{2Pohl,
  title     = {Requirements Engineering: Fundamentals, Principles, and Techniques},
  publisher = {Springer Publishing Company, Incorporated},
  year      = {2010},
  author    = {Pohl, Klaus},
  edition   = {1st},
  isbn      = {3642125778, 9783642125775},
}

@Misc{7DO-178C,
  title        = {DO-178C, Software Considerations in Airborne Systems and Equipment Certification},
  howpublished = {Special C. of RTCA},
  year         = {2011},
}

@Misc{9ISO29148,
  title = {ISO/IEC/IEEE 29148-2011 (2011). International Organization for Standardization (ISO) and International Electrotechnical Commission (IEC) and IEEE. ISO/IEC/IEEE 29148: Systems and software engineering – Life cycle processes – Requirements engineering.},
}

@Misc{12RQS,
  title = {Requirements Quality Suite},
  url   = {www.reusecompany.com/requirements-quality-suite},
}

@InProceedings{4citation,
  author    = {B. H. C. Cheng and J. M. Atlee},
  title     = {Research Directions in Requirements Engineering},
  booktitle = {Future of Software Engineering, 2007. FOSE '07},
  year      = {2007},
  pages     = {285-303},
  month     = {May},
  doi       = {10.1109/FOSE.2007.17},
  keywords  = {formal specification;analysis task;elicitation task;modeling task;requirements engineering;software needs;Buildings;Computer science;Conferences;Context modeling;Documentation;Model driven engineering;Software design;Software engineering;Software systems;USA Councils},
}

@TechReport{17MiniDuide,
  author      = {Birgit Penzenstadler},
  title       = {Mini-Guideline to Requirements Engineering},
  institution = {Technical University Munich,},
  year        = {2012},
}

@Comment{jabref-meta: databaseType:bibtex;}
